@Article{puda-blokesz15:_język_słown_samuel_bogum_lindeg,
  author = 	 {Magdalena Puda-Blokesz},
  title = 	 {Językowe dziedzictwo mitologiczne w {Słowniku} języka polskiego {Samuela} {Bogumiła} {Lindego} – leksyka},
  journal = 	 {LingVaria},
  year = 	 2015,
  volume = 	 19,
  pages = 	 {153-167},
  doi = {10.12797/LV.10.2015.19.10},
  url = {http://www.lingvaria.polonistyka.uj.edu.pl/documents/5768825/51e1a506-60e8-49e6-abf7-e5e4fba51048},
  annote = 	 {Używa: http://poliqarp.wbl.klf.uw.edu.pl}
}

@Article{,
  author = 	 {Tadeusz Lewaszkiewicz},
  title = 	 {Wypowiedzi S. B. Lindego o leksykalnym i znaczeniowym wzbogacaniu polszczyzny},
  journal = 	 {Poradnik Językowy},
  year = 	 {1977 },
  OPTkey = 	 {},
  OPTvolume = 	 {},
  OPTnumber = 	 {8},
  OPTpages = 	 {345-350},
  OPTmonth = 	 {},
  OPTnote = 	 {},
  OPTannote = 	 {}
}

Poradnik Językowy 10/1983

 Jadwiga Puzynina Niektóre fakty z życia S. B. Lindego w świetle dzieł historyków i zachowanych dokumentów s. 677-683

Poradnik Językowy 6/1998
 Alicja Nowakowska Nazwy drzew w Słowniku języka polskiego S.B. Lindego s. 12-18
 https://poradnik-jezykowy.uw.edu.pl/actions/download_document/1106?type=scan

Poradnik Językowy 10/2007

 Halina Horodyska [Halina Horodyska-Gadkowska] Dwieście lat Słownika języka polskiego Samuela Bogumiła Lindego s. 71-76

Poradnik Językowy 3/2008

 Ewa Kurowska [Ewa Rodek] Bożena Matuszczyk, Słownik języka polskiego S.B. Lindego. Warsztat leksykografa, Lublin 2006 s. 77-80

Poradnik Językowy 10/2009

 Magdalena Majdak Językoznawca w e-bibliotece. Wybrane publikacje leksykograficzne w zbiorach internetowych s. 90-94

Poradnik Językowy 2/2010

 Małgorzata B. Majewska Projekt dygitalizacji Słownika języka polskiego wydanego w 1861 roku w Wilnie s. 46-57

Poradnik Językowy 8/2010

     Małgorzata B. Majewska Dygitalizacja graficzna Słownika wileńskiego s. 97-105

Poradnik Językowy 2/2011

 Małgorzata B. Majewska Dygitalizacja graficzna i tekstowa Słownika wileńskiego s. 75-82

Poradnik Językowy 10/2011
 Małgorzata B. Majewska Dygitalizacja graficzna, tekstowa i bazodanowa Słownika wileńskiego s. 75-84


Poradnik Językowy 5/2012

 Andrzej Markowski Stanowisko Rady Języka Polskiego przy Prezydium Polskiej Akademii Nauk w sprawie statusu języka polskiego w publikacjach naukowych s. 103-105
Józef Porayski-Pomsta Uchwała Zarządu Głównego Towarzystwa Kultury Języka w sprawie ochrony polskiego języka naukowego s. 105-106

Poradnik Językowy 6/2012

 Władysław Lubaś O polskiej polityce językowej s. 11-33



    Ewa Deptuchowa, Agata Liberek Słownik staropolski, Kraków 1953–2002, red. Stanisław Urbańczyk s. 100-109


 Maciej Grochowski Stanowisko Komitetu Językoznawstwa PAN w sprawie statusu języka polskiego jako języka publikacji naukowych s. 110-111
Poradnik Językowy 7/2012



Patrycja Pałka Z problemów opisu leksykograficznego nazw własnych s. 58-75
Małgorzata B. Majewska Dygitalizacja tekstowa i bazodanowa Słownika wileńskiego s. 76-88

     Patrycja Potoniec Słownik polszczyzny XVI wieku, Wrocław 1966– , red. Maria Renata Mayenowa, Franciszek Pepłowski s. 105-109
     Maria Przybysz-Piwko Uwagi dotyczące mojego artykułu, który ukazał się w 9. zeszycie „Poradnika Językowego” w 2011 roku s. 110-111

Poradnik Językowy 8/2012

     Magdalena Majdak Słownik języka polskiego XVII i 1. połowy XVIII wieku, Kraków 1996–, IJP PAN s. 105-111
Poradnik Językowy 9/2012

     Magdalena Majdak Słownik języka Jana Chryzostoma Paska, Wrocław 1965–1973, red. Halina Koneczna, Witold Doroszewski s. 95-98

nic do pobrania!

Poradnik Językowy 10/2012

     Marcin Będkowski Słownik języka Adama Mickiewicza, Wrocław 1962–1983, red. Konrad Górski, Stefan Hrabec s. 102-105

Poradnik Językowy 1/2013

 Radosław Pawelec Kreska kresce nierówna – o użyciu łącznika oraz (dwojako zapisywanego) myślnika we współczesnej interpunkcji i ortografii s. 69-79

Poradnik Językowy 2/2013

     Bożena Sieradzka-Baziur Słownik polszczyzny Jana Kochanowskiego, Kraków 1994–2012, red. Marian Kucała s. 112-115

Poradnik Językowy 3/2013

 Andrzej Markowski Stanowisko Rady Języka Polskiego w sprawie żeńskich form nazw zawodów i tytułów przyjęte na posiedzeniu plenarnymRady 19 marca 2012 roku s. 90-91

     Marcin Będkowski Jadwiga Puzynina, Tomasz Korpysz, Internetowy słownik języka Cypriana Norwida, Warszawa 2009- s. 92-96


Poradnik Językowy 4/2013

     Ewelina Kwapień Słownik prasłowiański,, redakcja Franciszek Sławski, Wrocław 1974–2001 s. 103-109
Poradnik Językowy 5/2013
     Agnieszka Ewa Piotrowska Franciszek Sławski, Słownik etymologiczny języka polskiego, Kraków 1952–1982 s. 110-118
Poradnik Językowy 6/2013
     Agnieszka Ewa Piotrowska, Magdalena Majdak, Mirosław Bańko Andrzej Bańkowski, Etymologiczny słownik języka polskiego, Warszawa 2000 s. 88-92
Poradnik Językowy 7/2013

     Mariola Jakubowicz Wiesław Boryś, Słownik etymologiczny języka polskiego, Kraków 2005 s. 90-93

Poradnik Językowy 8/2013


     Krystyna Długosz-Kurczabowa Krystyna Długosz-Kurczabowa, Wielki słownik etymologiczno-historyczny języka polskiego, Warszawa 2008 s. 112-117

Poradnik Językowy 2/2014

 Małgorzata B. Majewska Zapożyczenia angielskie w Słowniku wileńskim s. 66-77
Marcin Jakubczyk Polszczyzna grażdańska w słowniku carycy Katarzyny II s. 78-95

Poradnik Językowy 4/2014

     Mirosław Bańko Samuel Bogumił Linde, Słownik języka polskiego, Warszawa 1807-1814 s. 86-92
 Grzegorz Seroczyński Jakuba Parkosza Traktat o ortografii polskiej s. 97-103

Poradnik Językowy 5/2014

 Jadwiga Puzynina Dlaczego bronię kultury słowa? s. 7-15
Magdalena Steciąg Kim jest językoznawca normatywista dziś? Przyczynek do dyskusji o zadaniach współczesnej normatywistyki s. 16-29
Mirosław Bańko Czego bronimy, broniąc języka? O możliwych przyczynach niechęci do wyrazów zapożyczonych s. 30-42



    Wanda Decyk-Zięba Ortografia Stanisława Zaborowskiego s. 101-109

Poradnik Językowy 6/2014

 Małgorzata B. Majewska, Mateusz Żółtak Statystyka Słownika wileńskiego. Informacja etymologiczna s. 37-51

Poradnik Językowy 7/2014


     Izabela Winiarska-Górska Ortografia polska Stanisława Murzynowskiego s. 102-109

Poradnik Językowy 9/2014

     Tomasz Karpowicz Hierarchizacja normy ortograficznej jako zagadnienie teoretyczne i praktyczne s. 7-18
    Radosław Pawelec Ortografia w urzędzie, czyli o tym wszystkim, o co urzędnicy chcieliby zapytać językoznawcę s. 19-28
    Marek Ruszkowski Formy oboczne skrótowców s. 29-34
    Zofia Smuga Problemy Doliny za bramką s. 35-44
    Andrzej Markowski Ortografia w Dziennikach Marii Dąbrowskiej s. 45-63
    Marcin Jakubczyk Słownik carycy Katarzyny Wielkiej w kontekście europejskich teorii językowych II połowy XVIII wieku i na tle tradycji leksykograficznej s. 64-77

Poradnik Językowy 10/2014

     Bogdan Walczak Czy potrzebna jest obrona kultury słowa? s. 90-96

OSTATNI NUMER!!!